/home/teju/Documents/library.bib