@inproceedings{Simsek2008,
author = {\c{S}im\c{s}ek, \"{O}zg\"{u}r and Barto, Andrew G},
booktitle = {NIPS},
file = {:home/teju/mendeley-papers/Şimşek, Barto/NIPS/Şimşek, Barto - 2008 - Skill characterization based on betweenness.pdf:pdf},
pages = {1--8},
title = {{Skill characterization based on betweenness}},
year = {2008}
}

@inproceedings{Martel2004,
author = {Martel, Chip and Nguyen, Van},
booktitle = {PODC},
file = {:home/teju/mendeley-papers/Martel, Nguyen/PODC/Martel, Nguyen - 2004 - Analyzing Kleinberg ’s (and other) Small-world Models.pdf:pdf},
isbn = {1581138024},
keywords = {diameter,random graphs,routing,small-world network},
title = {{Analyzing Kleinberg's (and other) Small-world Models}},
volume = {2},
year = {2004}
}

@article{Kleinberg2000,
author = {Kleinberg, Jon},
file = {:home/teju/mendeley-papers/Kleinberg/ACM Theory of Computing/Kleinberg - 2000 - The Small-World Phenomenon An Algorithmic Perspective.pdf:pdf},
journal = {ACM Theory of Computing},
pages = {163--170},
title = {{The Small-World Phenomenon : An Algorithmic Perspective}},
volume = {32},
year = {2000}
}

@inproceedings{Stolle2002,
author = {Stolle, Martin and Precup, Doina},
booktitle = {Lecture Notes in Computer Science},
file = {:home/teju/mendeley-papers/Stolle, Precup/Lecture Notes in Computer Science/Stolle, Precup - 2002 - Learning Options in Reinforcement Learning.pdf:pdf},
pages = {212--223},
title = {{Learning Options in Reinforcement Learning}},
year = {2002}
}

@article{SuttonPrecupSingh1999,
author = {Sutton, Richard S and Precup, Doina and Singh, Satinder},
file = {:home/teju/mendeley-papers/Sutton, Precup, Singh/Artificial Intelligence/Sutton, Precup, Singh - 1999 - Between MDPs and Semi-MDPs Learning , Planning , and Representing Knowledge at Multiple Temporal Scales at Multiple Temporal Scales.pdf:pdf},
journal = {Artificial Intelligence},
pages = {181--211},
title = {{Between MDPs and Semi-MDPs : Learning , Planning , and Representing Knowledge at Multiple Temporal Scales at Multiple Temporal Scales}},
volume = {112},
year = {1999}
}

@article{Simsek2005,
address = {New York, New York, USA},
author = {\c{S}im\c{s}ek, \"{O}zg\"{u}r and Wolfe, Alicia P. and Barto, Andrew G.},
doi = {10.1145/1102351.1102454},
file = {:home/teju/mendeley-papers/Şimşek, Wolfe, Barto/Proceedings of the 22nd international conference on Machine learning - ICML '05/Şimşek, Wolfe, Barto - 2005 - Identifying useful subgoals in reinforcement learning by local graph partitioning.pdf:pdf},
isbn = {1595931805},
journal = {Proceedings of the 22nd international conference on Machine learning - ICML '05},
pages = {816--823},
publisher = {ACM Press},
title = {{Identifying useful subgoals in reinforcement learning by local graph partitioning}},
url = {http://portal.acm.org/citation.cfm?doid=1102351.1102454},
year = {2005}
}

@article{BartoMahadevan2003,
author = {Barto, Andrew G and Mahadevan, Sridhar},
title = {{Recent Advances in Hierarchical Reinforcement Learning Markov and Semi-Markov Decision Processes}},
journal = {},
file = {:home/teju/mendeley-papers/Barto, Mahadevan/Unknown/Barto, Mahadevan - 2003 - Recent Advances in Hierarchical Reinforcement Learning Markov and Semi-Markov Decision Processes.pdf:pdf},
pages = {1--28},
year = {2003}
}

@inproceedings{Li2006,
author = {Li, Lihong and Walsh, Thomas J and Littman, Michael L},
booktitle = {In Proceedings of the Ninth International Symposium on Artificial Intelligence and Mathematics},
pages = {531--539},
title = {{Towards a Unified Theory of State Abstraction for MDPs}},
year = {2006}
}

@inproceedings{Thrun1995,
author = {Thrun, Sebastian and Schwartz, Anton},
booktitle = {Advances in Neural Information Processing Systems 7},
file = {:home/teju/mendeley-papers/Thrun, Schwartz/Advances in Neural Information Processing Systems 7/Thrun, Schwartz - 1995 - Finding Structure in Reinforcement Learning.pdf:pdf},
pages = {385--392},
title = {{Finding Structure in Reinforcement Learning}},
year = {1995}
}

@inproceedings{Menache2002,
author = {Menache, Ishai and Mannor, Shie and Shimkin, Nahum},
booktitle = {ECML},
file = {:home/teju/mendeley-papers/Menache, Mannor, Shimkin/ECML/Menache, Mannor, Shimkin - 2002 - Q-Cut - Dynamic Discovery of Sub-Goals in Reinforcement Learning.pdf:pdf},
title = {{Q-Cut - Dynamic Discovery of Sub-Goals in Reinforcement Learning}},
year = {2002}
}

@inproceedings{Ravindran2003,
author = {Ravindran, Balaraman and Barto, Andrew G},
booktitle = {International Conference on Machine Learning},
file = {:home/teju/mendeley-papers/Ravindran, Barto/International Conference on Machine Learning/Ravindran, Barto - 2003 - Relativized Options Choosing the Right Transformation.pdf:pdf},
title = {{Relativized Options : Choosing the Right Transformation}},
year = {2003}
}

@inproceedings{McGovern2001,
author = {McGovern, Amy and Barto, Andrew G},
booktitle = {ICML},
file = {:home/teju/mendeley-papers/McGovern, Barto/ICML/McGovern, Barto - 2001 - Automatic Discovery of Subgoals in Reinforcement Learning using Diverse Density.pdf:pdf},
pages = {1--8},
title = {{Automatic Discovery of Subgoals in Reinforcement Learning using Diverse Density}},
year = {2001}
}

@book{Feller1968, 
  author={Feller, W},
  title={An Introduction to Probability Theory and Its Applications}, 
  volume={1},
  publisher={Wiley}, 
  year={1968},
}

@inproceedings{Jerrum1988,
 author = {Jerrum, Mark and Sinclair, Alistair},
 title = {Conductance and the rapid mixing property for Markov chains: the approximation of permanent resolved},
 booktitle = {Proceedings of the twentieth annual ACM symposium on Theory of computing},
 series = {STOC '88},
 year = {1988},
 isbn = {0-89791-264-0},
 location = {Chicago, Illinois, United States},
 pages = {235--244},
 numpages = {10},
 url = {http://doi.acm.org/10.1145/62212.62234},
 doi = {http://doi.acm.org/10.1145/62212.62234},
 acmid = {62234},
 publisher = {ACM},
 address = {New York, NY, USA},
} 

@inproceedings{Salehi2007,
  author={Tahbaz-Salehi, A. and Jadbabaie, A.},
  booktitle={Decision and Control, 2007 46th IEEE Conference on}, 
  title={Small world phenomenon, rapidly mixing Markov chains, and average consensus algorithms},
  year={2007},
  pages={276 -281},
  keywords={average consensus algorithms;graph diameter;independent random edges;mixing Markov chains;random matching;small world phenomenon;symmetric Markov chain;Markov processes;graph theory;random processes;},
  doi={10.1109/CDC.2007.4434174},
  ISSN={0191-2216},
}

@inproceedings{Saber2005,
  author={Olfati-Saber, R.},
  booktitle={American Control Conference, 2005. Proceedings of the 2005}, 
  title={Ultrafast consensus in small-world networks},
  year={2005},
  pages={ 2371 - 2378 vol. 4},
  keywords={ Laplacian matrix; algebraic connectivity; bulk Laplacian spectrum; network design algorithm; percolation theory; phase transition phenomenon; random matrices theory; random rewiring; small-world networks; ultra fast information networks; graph theory; matrix algebra;},
  doi={10.1109/ACC.2005.1470321},
  ISSN={0743-1619},
}

@article{Taylor2009a,
  author = {Taylor, Matthew E and Stone, Peter},
  file = {:home/teju/mendeley-papers/Taylor, Stone/Journal of Machine Learning Research/Taylor, Stone - 2009 - Transfer Learning for Reinforcement Learning Domains A Survey.pdf:pdf},
  journal = {Journal of Machine Learning Research},
  keywords = {1,1998,actions with the goal,for example,in reinforcement learning,leaning agents take sequential,multi-task learning,of maximizing a reward,problems,reinforcement learning,rl,signal,sutton and barto,transfer learning,transfer learning objectives,which may be time-delayed},
  pages = {1633--1685},
  title = {{Transfer Learning for Reinforcement Learning Domains: A Survey}},
  volume = {10},
  year = {2009}
}
